% =======================================================================
% = BOOK                                                                =
% =======================================================================
% -----------------------------------------------------------------------
% - * A book with an explicit publisher.                                -
% -----------------------------------------------------------------------
% - Required: author or editor, title, publisher, year                  -
% -                                                                     -
% - Optional: volume, series, address, edition, month, note, key        -
% -----------------------------------------------------------------------

@Book{ ref:ross2006,
    author      = {Ross, Arun A. and Nandakumar, Karthik and Jain, Anil K.},
    title       = {Handbook of Multibiometrics},
    publisher   = {Springer-Verlag},
    year        = {2006},
}

% =======================================================================
% = IN PROCEEDINGS                                                      =
% =======================================================================
% -----------------------------------------------------------------------
% - An article in the proceedings of a conference.                      -
% -----------------------------------------------------------------------
% - Required: author, title, booktitle, year                            -
% -                                                                     -
% - Optional: editor, pages, organization, publisher, address,          -
% -           month, note, key                                          -
% -----------------------------------------------------------------------

@InProceedings{ ref:kale2004, 
    author     = {Kale, A. and Roychowdhury, A.K. and Chellappa, R.},
    title      = {Fusion of gait and face for human identification},
    booktitle  = {Proc. {IEEE} Int'l Conf. Acoustics, Speech, and Signal Processing},
    year       = {2004},
    volume     = {5},
    number     = {1},
    pages      = {901--904},
}

% =======================================================================
% = ARTICLE                                                             =
% =======================================================================
% -----------------------------------------------------------------------
% - An article from a journal or magazine.                              -
% -----------------------------------------------------------------------
% - Required: author, title, journal, year                              -
% -                                                                     -
% - Optional: volume, number, pages, month, note, key                   -
% -----------------------------------------------------------------------

@Article{ ref:nixon2006,
    author     = {Nixon, M.S. and Carter, J.N.},
    title      = {Automatic Recognition by Gait},
    journal    = {Proc. {IEEE}},
    year       = {2006},
    month      = {Nov.},
    volume     = {94},
    number     = {11},
    pages      = {2013-2024},
}

% =======================================================================
% = IN COLLECTION                                                       =
% =======================================================================
% -----------------------------------------------------------------------
% - A part of a book with its own title.                                -
% -----------------------------------------------------------------------
% - Required: author, title, journal, year                              -
% -                                                                     -
% - Optional: editor, pages, organization, publisher, address, month,   -
% -           note, key                                                 -
% -----------------------------------------------------------------------

@InCollection{ ref:zhou2007,
    editor     = {Riad I. Hammoud and Besma R. Abidi and Mongi A. Abidi},
    author     = {Xiaoli Zhou and Bir Bhanu and Ju Han},
    booktitle  = {Face Biometrics for Personal Identification},
    title      = {Human Recognition at a Distance in Video by Integrating Face Profile and Gait},
    pages      = {165--181},
    publisher  = {Springer},
    chapter    = {11},
    year       = {2007},
}

% =======================================================================
% = TECH REPORT                                                         =
% =======================================================================
% -----------------------------------------------------------------------
% - A report published by a school or other institution, usually        -
% - numbered within a series.                                           -
% -----------------------------------------------------------------------
% - Required: author, title, institution, year                          -  
% -                                                                     -
% - Optional: type, number, address, month, note, key                   -
% -----------------------------------------------------------------------

@TechReport{ref:colbry2004,
    author      = {Dirk Colbry and Xiaoguang Lu and Anil Jain and George Stockman},
    title       = {{3D} Face Feature Extraction for Recognition},
    institution = {Michigan State University},
    year        = {2004},
}

% =======================================================================
% = MASTER THESIS                                                       =
% =======================================================================
% -----------------------------------------------------------------------
% - * PhD Thesis                                                        -     
% -----------------------------------------------------------------------
% - Required: author, title, school, year                               -
% -                                                                     -
% - Optional: type, address, month, note                                -
% -----------------------------------------------------------------------

@MastersThesis{ ref:drovetto2007,
    author      = {Drovetto Jr., S.A.},
    title       = {Reconhecimento Facial {3D} utilizando o Simulated Annealing com as medidas Surface Interpenetration Measure {M}-estimator Sample Consensus},
    institution = {Universidade Federal do Paran√° {(UFPR)}},
    year        = {2007},
}

% =======================================================================
% = MISC        '                                                       =
% =======================================================================
% -----------------------------------------------------------------------
% - Use this type when nothing else seems appropriate.                  -
% -----------------------------------------------------------------------
% - Required: none                                                      -
% -                                                                     -
% - Optional: author, title, howpublished, month, year, note, key       - 
% -----------------------------------------------------------------------

@Misc{ ref:chibelushi2003,
    author       = {C.C. Chibelushi and F. Bourel},
    title        = {Facial Expression Recognition: A Brief Tutorial Overview},
    howpublished = {CVonline: On-Line Compendium of Computer Vision},
    year         = {2003},
}





@article{autor1,
    author = {Doe, John},
    title = {The Impact of Artificial Intelligence},
    journal = {Journal of Technology},
    year = {2022},
    volume = {10},
    number = {3},
    pages = {100-120}
}

@article{autor3,
    author = {Doe, John and Smith, Jane},
    title = {Advancements in Quantum Computing},
    journal = {International Journal of Scientific Research},
    year = {2022},
    volume = {15},
    number = {2},
    pages = {50-65}
} 


@book{autor2,
    author = {Smith, Jane},
    title = {The Future of Robotics},
    editor = {Tech Publishing},
    year = {2023},
    address = {New York},
    edition = {2nd}
}
