% =======================================================================
% =                                                                     =
% =                                                                     =
% =			     referencias.bib				=
% =                                                                     =
% =                                                                     =
% =======================================================================
% -----------------------------------------------------------------------
% - Author:     Chaua Queirolo                                          -
% - Email:      chaua/inf.ufpr.br                                       -
% -                                                                     -
% - Date:          23/Jul/2007                                          -
% - Last Modified: 05/Sep/2009                                          -
% -                                                                     -
% - Version:     2.0                                                    -
% -----------------------------------------------------------------------


% =======================================================================
% =				   BOOK					=
% =======================================================================
% -----------------------------------------------------------------------
% - * A book with an explicit publisher.				-
% -----------------------------------------------------------------------
% - Required: author or editor, title, publisher, year			-
% -									-
% - Optional: volume, series, address, edition, month, 			-
% -	      note, key							-
% -----------------------------------------------------------------------

@Book{ ref:ross2006,
	author 	    = {Ross, Arun A. and Nandakumar, Karthik and Jain, Anil K.},
	title 	    = {Handbook of Multibiometrics},
	publisher   = {Springer-Verlag},
	year 	    = {2006},
}



@Book{ ref:darwin1872,
	author 	    = {Charles Darwin},
	title 	    = {The Expression of the Emotions in Man and Animals},
	publisher   = {John Murray},
	year 	    = {1872},
}

